<record><leader>00000cas a2200000 i 4500</leader><controlfield tag="001">942625678</controlfield><controlfield tag="006">m     o  d        </controlfield><controlfield tag="007">cr |||||||||||</controlfield><controlfield tag="008">160302d18911939tnudn neo     0   a0eng  </controlfield><datafield ind1=" " ind2=" " tag="010"><subfield code="a">  2016271012</subfield></datafield><datafield ind1=" " ind2=" " tag="040"><subfield code="a">DLC</subfield><subfield code="b">eng</subfield><subfield code="e">rda</subfield><subfield code="c">DLC</subfield><subfield code="d">OCLCF</subfield></datafield><datafield ind1="0" ind2=" " tag="022"><subfield code="a">2471-1985</subfield><subfield code="2">1</subfield></datafield><datafield ind1=" " ind2=" " tag="042"><subfield code="a">pcc</subfield><subfield code="a">nsdp</subfield></datafield><datafield ind1=" " ind2=" " tag="043"><subfield code="a">n-us-tn</subfield></datafield><datafield ind1="1" ind2="0" tag="050"><subfield code="a">ISSN RECORD</subfield></datafield><datafield ind1="1" ind2="0" tag="082"><subfield code="a">071</subfield><subfield code="2">23</subfield></datafield><datafield ind1="0" ind2=" " tag="130"><subfield code="a">Chattanooga news (Chattanooga, Tenn. : Daily)</subfield></datafield><datafield ind1=" " ind2="4" tag="222"><subfield code="a">The Chattanooga news</subfield><subfield code="b">(Chattanooga, Tenn. Daily. Online)</subfield></datafield><datafield ind1="1" ind2="4" tag="245"><subfield code="a">The Chattanooga news.</subfield></datafield><datafield ind1="1" ind2="7" tag="246"><subfield code="a">Chattanooga evening news</subfield></datafield><datafield ind1=" " ind2="1" tag="264"><subfield code="a">Chattanooga, Tenn. :</subfield><subfield code="b">Chattanooga News Co.</subfield></datafield><datafield ind1=" " ind2=" " tag="300"><subfield code="a">1 online resource</subfield></datafield><datafield ind1=" " ind2=" " tag="310"><subfield code="a">Daily (except Sunday),</subfield><subfield code="b">Jan. 16, 1893-Dec. 16, 1939</subfield></datafield><datafield ind1=" " ind2=" " tag="321"><subfield code="a">Daily,</subfield><subfield code="b">Apr. 23, 1891-Jan. 14, 1893</subfield></datafield><datafield ind1=" " ind2=" " tag="336"><subfield code="a">text</subfield><subfield code="b">txt</subfield><subfield code="2">rdacontent</subfield></datafield><datafield ind1=" " ind2=" " tag="337"><subfield code="a">computer</subfield><subfield code="b">c</subfield><subfield code="2">rdamedia</subfield></datafield><datafield ind1=" " ind2=" " tag="338"><subfield code="a">online resource</subfield><subfield code="b">cr</subfield><subfield code="2">rdacarrier</subfield></datafield><datafield ind1="1" ind2=" " tag="362"><subfield code="a">Began April 23, 1891; ceased December 16, 1939.</subfield></datafield><datafield ind1=" " ind2=" " tag="500"><subfield code="a">Publisher: News Pub. Co., &lt;April 23, 1891&gt;.</subfield></datafield><datafield ind1=" " ind2=" " tag="580"><subfield code="a">Merged with: Chattanooga free press (Chattanooga, Tenn. : 1933), to form: Chattanooga news-free press.</subfield></datafield><datafield ind1=" " ind2=" " tag="588"><subfield code="a">Description based on: Vol. XXX. no. 153 (January 1, 1918); title from masthead (Chroniclingamerica.loc.gov, viewed March 2, 2016).</subfield></datafield><datafield ind1=" " ind2=" " tag="588"><subfield code="a">Latest issue consulted: Vol. XXXII. no. 312 (December 31, 1920) (Chroniclingamerica.loc.gov, viewed March 2, 2016).</subfield></datafield><datafield ind1=" " ind2="0" tag="651"><subfield code="a">Chattanooga (Tenn.)</subfield><subfield code="v">Newspapers.</subfield></datafield><datafield ind1=" " ind2="0" tag="651"><subfield code="a">Hamilton County (Tenn.)</subfield><subfield code="v">Newsapers.</subfield></datafield><datafield ind1=" " ind2="7" tag="655"><subfield code="a">Newspapers.</subfield><subfield code="2">fast</subfield><subfield code="0">(OCoLC)fst01423814</subfield></datafield><datafield ind1=" " ind2="7" tag="651"><subfield code="a">Tennessee</subfield><subfield code="z">Chattanooga.</subfield><subfield code="2">fast</subfield><subfield code="0">(OCoLC)fst01205713</subfield></datafield><datafield ind1=" " ind2="7" tag="651"><subfield code="a">Tennessee</subfield><subfield code="z">Hamilton County.</subfield><subfield code="2">fast</subfield><subfield code="0">(OCoLC)fst01209591</subfield></datafield><datafield ind1=" " ind2=" " tag="752"><subfield code="a">United States</subfield><subfield code="b">Tennessee</subfield><subfield code="c">Hamilton</subfield><subfield code="d">Chattanooga.</subfield></datafield><datafield ind1="0" ind2=" " tag="775"><subfield code="t">Chattanooga news (Chattanooga, Tenn. : Weekly)</subfield></datafield><datafield ind1="0" ind2=" " tag="775"><subfield code="t">Weekly news and farm journal</subfield></datafield><datafield ind1="0" ind2="8" tag="776"><subfield code="i">Originally issued in print:</subfield><subfield code="t">Chattanooga news (Chattanooga, Tenn. : Daily)</subfield><subfield code="x">2471-1977</subfield><subfield code="w">(DLC)sn 85038531</subfield><subfield code="w">(OCoLC)12703770</subfield></datafield><datafield ind1="0" ind2="0" tag="780"><subfield code="t">Chattanooga evening news</subfield></datafield><datafield ind1="1" ind2="7" tag="785"><subfield code="t">Chattanooga free press (Chattanooga, Tenn. : 1933)</subfield></datafield><datafield ind1="1" ind2="7" tag="785"><subfield code="t">Chattanooga news-free press</subfield></datafield><datafield ind1="4" ind2="0" tag="856"><subfield code="u">http://www.loc.gov/chroniclingamerica/lccn/sn85038531/issues</subfield></datafield></record>